<record><leader>00000nas a2200000 i 4500</leader><controlfield tag="001">952023432</controlfield><controlfield tag="006">m     o  d        </controlfield><controlfield tag="007">cr |||||||||||</controlfield><controlfield tag="008">160622d188u1971tnuwr neo     0   a0eng  </controlfield><datafield ind1=" " ind2=" " tag="010"><subfield code="a">  2016271124</subfield></datafield><datafield ind1=" " ind2=" " tag="040"><subfield code="a">DLC</subfield><subfield code="b">eng</subfield><subfield code="e">rda</subfield><subfield code="c">DLC</subfield></datafield><datafield ind1="0" ind2=" " tag="022"><subfield code="a">2473-1234</subfield><subfield code="2">1</subfield></datafield><datafield ind1=" " ind2=" " tag="042"><subfield code="a">pcc</subfield><subfield code="a">nsdp</subfield></datafield><datafield ind1=" " ind2=" " tag="043"><subfield code="a">n-us-tn</subfield></datafield><datafield ind1="1" ind2="0" tag="050"><subfield code="a">ISSN RECORD</subfield></datafield><datafield ind1="1" ind2="0" tag="082"><subfield code="a">071</subfield><subfield code="2">23</subfield></datafield><datafield ind1="0" ind2=" " tag="130"><subfield code="a">Carroll County democrat (Huntingdon, Tenn.)</subfield></datafield><datafield ind1=" " ind2="0" tag="222"><subfield code="a">Carroll County democrat</subfield><subfield code="b">(Huntingdon, Tenn. Online)</subfield></datafield><datafield ind1="1" ind2="0" tag="245"><subfield code="a">Carroll County democrat.</subfield></datafield><datafield ind1=" " ind2="1" tag="264"><subfield code="a">Huntingdon, Tennessee :</subfield><subfield code="b">Huntingdon Pub. Co.</subfield></datafield><datafield ind1=" " ind2=" " tag="300"><subfield code="a">1 online resource</subfield></datafield><datafield ind1=" " ind2=" " tag="310"><subfield code="a">Weekly</subfield></datafield><datafield ind1=" " ind2=" " tag="336"><subfield code="a">text</subfield><subfield code="b">txt</subfield><subfield code="2">rdacontent</subfield></datafield><datafield ind1=" " ind2=" " tag="337"><subfield code="a">computer</subfield><subfield code="b">c</subfield><subfield code="2">rdamedia</subfield></datafield><datafield ind1=" " ind2=" " tag="338"><subfield code="a">online resource</subfield><subfield code="b">cr</subfield><subfield code="2">rdacarrier</subfield></datafield><datafield ind1="1" ind2=" " tag="362"><subfield code="a">Ceased July 1, 1971.</subfield></datafield><datafield ind1=" " ind2=" " tag="500"><subfield code="a">Editors: J.B. Gilbert &amp; G.H. McNeill, &lt;1888-1890&gt;; J.B. Gilbert, &lt;1891&gt;-1939; Harry Williamson, 1939-1942.</subfield></datafield><datafield ind1=" " ind2=" " tag="588"><subfield code="a">Description based on: Vol. 25, no. 1 (January 5, 1912) (Chroniclingamerica.loc.gov, viewed June 22, 2016).</subfield></datafield><datafield ind1=" " ind2=" " tag="588"><subfield code="a">Latest issue consulted: Volume 34 , no. 47 (December 16, 1921) (Chroniclingamerica.loc.gov, viewed June 22, 2016).</subfield></datafield><datafield ind1=" " ind2="0" tag="651"><subfield code="a">Huntingdon (Tenn.)</subfield><subfield code="v">Newspapers.</subfield></datafield><datafield ind1=" " ind2="0" tag="651"><subfield code="a">Carroll County (Tenn.)</subfield><subfield code="v">Newspapers.</subfield></datafield><datafield ind1=" " ind2="7" tag="651"><subfield code="a">Tennessee</subfield><subfield code="z">Carroll County.</subfield><subfield code="2">fast</subfield><subfield code="0">(OCoLC)fst01206691</subfield></datafield><datafield ind1=" " ind2="7" tag="651"><subfield code="a">Tennessee</subfield><subfield code="z">Huntingdon.</subfield><subfield code="2">fast</subfield><subfield code="0">(OCoLC)fst01229298</subfield></datafield><datafield ind1=" " ind2="7" tag="655"><subfield code="a">Newspapers.</subfield><subfield code="2">fast</subfield><subfield code="0">(OCoLC)fst01423814</subfield></datafield><datafield ind1=" " ind2=" " tag="752"><subfield code="a">United States</subfield><subfield code="b">Tennessee</subfield><subfield code="c">Carroll</subfield><subfield code="d">Huntingdon.</subfield></datafield><datafield ind1="0" ind2="8" tag="776"><subfield code="i">Originally issued in print:</subfield><subfield code="t">Carroll County democrat (Huntingdon, Tenn.)</subfield><subfield code="x">2473-1226</subfield><subfield code="w">(DLC)sn 89058115</subfield><subfield code="w">(OCoLC)19081702</subfield></datafield><datafield ind1="0" ind2="0" tag="785"><subfield code="t">Carroll County democrat, Carroll County news</subfield></datafield><datafield ind1="4" ind2="0" tag="856"><subfield code="u">http://www.loc.gov/chroniclingamerica/lccn/sn89058115/issues</subfield></datafield></record>